@article{donos2015,
	author = {Donos, Cristian and Dümpelmann, Matthias and Schulze-Bonhage, Andreas},
	title = {Early Seizure Detection Algorithm Based on Intracranial EEG and Random Forest Classification},
	journal = {International Journal of Neural Systems},
	volume = {25},
	number = {05},
	year = {2015},
	URL = {http://www.worldscientific.com/doi/abs/10.1142/S0129065715500239}
}

@article{muller2016,
	title = "Development and validation of a seizure initiated drug delivery system for the treatment of epilepsy",
	journal = "Sensors and Actuators B: Chemical",
	volume = "236",
	number = "Supplement C",
	pages = "732 - 740",
	year = "2016",
	issn = "0925-4005",
	url = "http://www.sciencedirect.com/science/article/pii/S0925400516308905",
	author = "Rikky Muller and Zhilian Yue and Sara Ahmadi and Winston Ng and Willo M. Grosse and Mark J. Cook and Gordon G. Wallace and Simon E. Moulton",
}

@article{shorvon1996,
	author = {Shorvon, Simon D.},
	title = {The Epidemiology and Treatment of Chronic and Refractory Epilepsy},
	journal = {Epilepsia},
	volume = {37},
	publisher = {Blackwell Publishing Ltd},
	issn = {1528-1167},
	url = {http://dx.doi.org/10.1111/j.1528-1157.1996.tb06027.x},
	pages = {S1--S3},
	keywords = {Epilepsy, Anticonvulsants, Seizures, Classification, Therapy, Epidemiology},
	year = {1996},
}

@article{beghi2002,
	author = {Beghi, Ettore and Cornaggia, Cesare and {RESt-1 Group}},
	title = {Morbidity and Accidents in Patients with Epilepsy: Results of a European Cohort Study},
	journal = {Epilepsia},
	volume = {43},
	number = {9},
	publisher = {Blackwell Science Inc},
	issn = {1528-1167},
	url = {http://dx.doi.org/10.1046/j.1528-1157.2002.18701.x},
	pages = {1076--1083},
	year = {2002},
}

@article{kerr2012,
	author = {Kerr, M. P.},
	title = {The impact of epilepsy on patients' lives},
	journal = {Acta Neurologica Scandinavica},
	volume = {126},
	issn = {1600-0404},
	url = {http://dx.doi.org/10.1111/ane.12014},
	pages = {1--9},
	year = {2012},
}

@article{raghunathan2009,
	author = {Raghunathan, S. and Gupta, S. K. and Ward, M. P. and  Worth, R. M. and Roy, K. and Irazoqui, P. P.},
	year = {2009},
	journal = {Journal of Neural Engineering},
	title = {The design and hardware implementation of a low-power real-time seizure detection algorithm},
	volume = {6},
	number = {5},
	url = {http://iopscience.iop.org/article/10.1088/1741-2560/6/5/056005/meta}
}

@online{mediline,
	url = {https://medlineplus.gov/epilepsy.html},
	year = 2017,
	urldate = {2017-11-05},
	title = {Epilepsy}
}

@online{mayoclinic,
	url = {https://www.mayoclinic.org/diseases-conditions/epilepsy/symptoms-causes/syc-20350093},
	year = 2017,
	author = {{Mayo Clinic Staff}},
	urldate = {2017-11-05},
	title = {Epilepsy - Symptoms \& Causes}
}

@ARTICLE{binaltaf2015, 
	author={M. A. Bin Altaf and C. Zhang and J. Yoo}, 
	journal={IEEE Journal of Solid-State Circuits}, 
	title={A 16-Channel Patient-Specific Seizure Onset and Termination Detection SoC With Impedance-Adaptive Transcranial Electrical Stimulator}, 
	year={2015}, 
	volume={50}, 
	number={11}, 
	url = {http://ieeexplore.ieee.org/document/7302516/},
	month={Nov}
}

@InProceedings{shoaran2016,
   author      = {Shoaran, Mahsa and Shahshahani, Masoud and Farivar,
                 Masoud and Almajano, Joyel and Shahshahani, Amirhossein
                 and Schmid, Alexandre and Bragin, Anatol and Leblebici,
                 Yusuf and Emami, Azita},
   booktitle   = {Proceedings of the 2016 {S}ymposium on {VLSI} {C}ircuits},
   details     = {http://infoscience.epfl.ch/record/217884},
   location    = {Honolulu, Hawaii, USA},
   oai-set     = {conf},
   pagecount   = {2},
   title       = {A 16-{C}hannel 1.1{m}m2 {I}mplantable {S}eizure
                 {C}ontrol {S}o{C} with {S}ub-u{W}/{C}hannel {C}onsumption
                 and {C}losed-{L}oop {S}timulation in 0.18{u}m {CMOS}},
   year        = 2016
}

@Article{logesparan2012,
	author="Logesparan, Lojini and Casson, Alexander J. and Rodriguez-Villegas, Esther",
	title="Optimal features for online seizure detection",
	journal="Medical {\&} Biological Engineering {\&} Computing",
	year="2012",
	month="Jul",
	day="01",
	volume="50",
	number="7",
	pages="659--669",
	issn="1741-0444",
	url="https://doi.org/10.1007/s11517-012-0904-x"
}

@ARTICLE{binaltaf2016, 
	author={M. A. Bin Altaf and J. Yoo}, 
	journal={IEEE Transactions on Biomedical Circuits and Systems}, 
	title={A 1.83 $mu$J/Classification, 8-Channel, Patient-Specific Epileptic Seizure Classification SoC Using a Non-Linear Support Vector Machine}, 
	year={2016}, 
	volume={10}, 
	number={1}, 
	pages={49-60}, 
	url={https://doi.org/10.1109/TBCAS.2014.2386891}, 
	ISSN={1932-4545}, 
	month={Feb}
}

@InProceedings{esteller2001,
	author = {Esteller, Rosana and Echauz, J and Tcheng, Tom and Litt, Brian and Pless, Ben},
	year = {2001},
	month = {02},
	pages = {1707 - 1710 vol.2},
	title = {Line length: An efficient feature for seizure onset detection},
	volume = {2},
	booktitle = {Engineering in Medicine and Biology Society, 2001. Proceedings of the 23rd Annual International Conference of the IEEE}
}

@online{neuropace,
	url = {http://www.neuropace.com},
	year = {2017},
	urldate = {2017-11-05},
	title = {Neurospace}
}

@online{speac,
	url = {http://speacsystem.com/speac_system_clinical_evidence/the-power-of-semg-monitoring/},
	year = {2017},
	urldate = {2017-11-05},
	title = {SPEAC System}
}

@online{empatica,
	url = {https://www.empatica.com/product-embrace},
	year = {2017},
	urldate = {2017-11-05},
	title = {Empatioca}
}

@Article{ibisworld2017,
	author="Jack Curran",
	title="IBISWorld Industry Report 33451b. Medical Device Manufacturing in the US. ",
	journal="",
	year="2017",
	url="http://clients1.ibisworld.com/reports/us/industry/default.aspx?entid=764"
}

@online{fda,
	url = {https://www.fda.gov/MedicalDevices/DeviceRegulationandGuidance/HowtoMarketYourDevice/PremarketSubmissions/PremarketNotification510k/default.htm},
	year = {2018},
	urldate = {2018-02-09},
	title = {Premarket Notification 510(k)}
}

@Article{ienca2016,
	author="Ienca, Marcello and Haselager, Pim",
	title="Hacking the brain: brain--computer interfacing technology and the ethics of neurosecurity",
	journal="Ethics and Information Technology",
	year="2016",
	month="Jun",
	day="01",
	volume="18",
	number="2",
	pages="117--129",
	issn="1572-8439",
	doi="10.1007/s10676-016-9398-9",
	url="https://doi.org/10.1007/s10676-016-9398-9"
}

@online{kleinpratt2017,
    url = {http://theconversation.com/helping-or-hacking-engineers-and-ethicists-must-work-together-on-brain-computer-interface-technology-77759},
    year = {2017},
    urldate = {2018-02-28}
    title={Helping or hacking? Engineers and ethicists must work together on brain-computer interface technology}
}

@online{ieegorg,
	url = {https://main.ieeg.org/?q=node/23},
	year = {2018},
	urldate = {2018-02-09},
	title = {iEEG.org - About Us}
}

@article{cook2013,
title = "Prediction of seizure likelihood with a long-term, implanted seizure advisory system in patients with drug-resistant epilepsy: a first-in-man study",
journal = "The Lancet Neurology",
volume = "12",
number = "6",
pages = "563 - 571",
year = "2013",
issn = "1474-4422",
doi = "https://doi.org/10.1016/S1474-4422(13)70075-9",
url = "http://www.sciencedirect.com/science/article/pii/S1474442213700759",
author = "Mark J Cook and Terence J O'Brien and Samuel F Berkovic and Michael Murphy and Andrew Morokoff and Gavin Fabinyi and Wendyl D'Souza and Raju Yerra and John Archer and Lucas Litewka and Sean Hosking and Paul Lightfoot and Vanessa Ruedebusch and W Douglas Sheffield and David Snyder and Kent Leyde and David Himes"
}

@article {goldenholz2018,
author = {Goldenholz, Daniel M. and Goldenholz, Shira R. and Moss, Robert and French, Jacqueline and Lowenstein, Daniel and Kuzniecky, Ruben and Haut, Sheryl and Cristofaro, Sabrina and Detyniecki, Kamil and Hixson, John and Karoly, Philippa and Cook, Mark and Strashny, Alex and Theodore, William H.},
title = {Is seizure frequency variance a predictable quantity?},
journal = {Annals of Clinical and Translational Neurology},
volume = {5},
number = {2},
issn = {2328-9503},
url = {http://dx.doi.org/10.1002/acn3.519},
doi = {10.1002/acn3.519},
pages = {201--207},
year = {2018},
}

@article{karoly2016,
author = {Karoly, Philippa J. and Freestone, Dean R. and Boston, Ray and Grayden, David B. and Himes, David and Leyde, Kent and Seneviratne, Udaya and Berkovic, Samuel and O’Brien, Terence and Cook, Mark J.},
title = {Interictal spikes and epileptic seizures: their relationship and underlying rhythmicity},
journal = {Brain},
volume = {139},
number = {4},
pages = {1066-1078},
year = {2016},
doi = {10.1093/brain/aww019},
URL = { + http://dx.doi.org/10.1093/brain/aww019},
eprint = {/oup/backfile/content_public/journal/brain/139/4/10.1093_brain_aww019/1/aww019.pdf}
}

@online{xilinx,
	url = {https://en.wikipedia.org/wiki/Xilinx_ISE},
	year = {2018},
	urldate = {2018-02-09},
	title = {Xilinx ISE}
}

@online{batteries,
	url = {https://cen.acs.org/articles/91/i6/Assessing-Safety-Lithium-Ion-Batteries.htm},
	year = {2013},
	author = {Mitch Jacoby},
	urldate = {2018-02-09},
	title = {Assessing The Safety Of Lithium-Ion Batteries}
}

@online{neuropacetrial,
    url ={http://www.neuropace.com/wp-content/uploads/2016/12//neuropace-7-years-clinical-trial-results-72-percent-seizure-reduction-with-the-rns-system.pdf},
    year = {2016},
    urldate = {2018-03-01},
    title = {NeuroPace, Inc. Announces Results of 7 Years of Clinical Trial Follow-up Demonstrating 72 Percent Seizure Reduction with the RNS® System},
    author = {NeuroPace, Inc.}
}

@online{neuropacemanual,
    url ={http://www.neuropace.com/wp-content/uploads/2015/11/Patient_Manual.pdf},
    year = {2015},
    urldate = {2018-03-01},
    title = {NeuroPace® RNS® System Patient Manual}
}

@online{neuromodulation,
    url = {http://www.neuromodulation.com/fact_sheet_epilepsy},
    year = {2018},
    author = {Chengyuan Wu},
    urldate = {2018-03-01},
    title = {Neuromodulation:Closed-Loop Stimulation for Epilepsy}
}

@article{thomas2015,
    author = {Thomas, George P. and Jobst, Barbara C.},
    title = {Critical review of the responsive neurostimulator system for epilepsy},
    journal = {Medical Devices (Auckland, N.Z.)},
    volume = {8},
    pages = {405-411},
    year = {2015},
    doi = {10.2147/MDER.S62853},
    URL = {https://www.ncbi.nlm.nih.gov/pmc/articles/PMC4598207/}
}
    
@article{repovs2010,
	author = {Repovs, G},
	year = {2010},
	month = {01},
	pages = {18-25},
	title = {Dealing with noise in EEG recording and data analysis},
	volume = {15},
	journal = {Informatica Medica Slovenica}
}

@online{testbench,
	url = {http://zone.ni.com/reference/en-XX/help/371599G-01/lvfpgaconcepts/creating_test_benches/},
	year = {2011},
	urldate = {2018-03-04},
	title = {Creating Test Benches to Debug and Test FPGA VIs},
	author = {{National Instruments}}
}


@article{altaf2015,
	author={M. A. Bin Altaf and C. Zhang and J. Yoo},
	journal={IEEE Journal of Solid-State Circuits},
	title={A 16-Channel Patient-Specific Seizure Onset and Termination Detection SoC With Impedance-Adaptive Transcranial Electrical Stimulator},
	year={2015},
	volume={50},
	number={11},
	pages={2728-2740},
	doi={10.1109/JSSC.2015.2482498},
	ISSN={0018-9200},
	month={Nov}
}

@unpublished{oleary2018,
	booktitle = {2018 IEEE International Solid-State Circuits Conference},
	author = {Gerard O'Leary and Reza Pazhouhanded and Micheal Chang and David Groppe and Taufik A. Valiante and Naveen Verma and Roman Genov},
	title = {A Recursive-Memory Brain-State Classifier with 32-Channel Track-and-Zoom s2d ADCs and Charge-Balanced Programmable Waveform Neurostimulators},
	year = {2018}
}

@manual{xilinx_manual,
author = {Xilinx},
title = {ISE Design Suite Software Manuals and Help - PDF Collection},
date = {2009-12-02},
year = {2009},
language = {English},
version = {11.4},
pagetotal = {14}
}

@manual{front_pannel,
author = {{Opal Kelly}},
title = {FrontPanel - A new way to control and observe FPGA designs through virtual instruments on your PC.},
date = {2010-12-01},
year = {2010},
}

@inproceedings{najm1995,
  title={Power estimation techniques for integrated circuits},
  author={Farid N. Najm},
  booktitle={ICCAD},
  year={1995}
}